@article{Maldacena:2002vr,
	Archiveprefix = {arXiv},
	Author = {Maldacena, Juan Martin},
	Date-Modified = {2014-06-04 09:03:38 +0000},
	Doi = {10.1088/1126-6708/2003/05/013},
	Eprint = {astro-ph/0210603},
	Journal = {JHEP},
	Pages = {013},
	Primaryclass = {astro-ph},
	Slaccitation = {%%CITATION = ASTRO-PH/0210603;%%},
	Title = {{Non-Gaussian Features of Primordial Fluctuations in Single-Field Inflationary Models}},
	Volume = {0305},
	Year = {2003},
	Bdsk-Url-1 = {http://dx.doi.org/10.1088/1126-6708/2003/05/013}}
	
@article{Ade:2013ydc,
      author         = "Ade, P.A.R. and others",
      title          = "{Planck 2013 Results. XXIV. Constraints on primordial
                        non-Gaussianity}",
      collaboration  = "Planck Collaboration",
      year           = "2013",
      eprint         = "1303.5084",
      archivePrefix  = "arXiv",
      primaryClass   = "astro-ph.CO",
      SLACcitation   = "%%CITATION = ARXIV:1303.5084;%%",
}
